<?xml version="1.0" encoding="UTF-8"?><collection xmlns="http://www.loc.gov/MARC21/slim"><record><leader>00418nam--2200133-i-4500</leader><controlfield tag="001">000039163</controlfield><controlfield tag="002">20161230</controlfield><controlfield tag="005">20161230201042</controlfield><controlfield tag="008">060222s1000------------r-----000-0-eng-d</controlfield><datafield ind1=" " ind2=" " tag="080"><subfield code="a">621.375.826(043)</subfield></datafield><datafield ind1=" " ind2=" " tag="100"><subfield code="a">Ripka,Bernd</subfield></datafield><datafield ind1=" " ind2=" " tag="245"><subfield code="a">Temperaturverhalten des gallium-arsenid-doppelheterostruktur-laser in bereich zwischen-10 grad celsius und + 40 grad celsius</subfield></datafield><datafield ind1=" " ind2=" " tag="260"><subfield code="a">Stuttgart, Univ.,1982. 183 P</subfield></datafield><datafield ind1=" " ind2=" " tag="852"><subfield code="a">71410</subfield></datafield></record></collection>